<?xml version="1.0" encoding="UTF-8"?><record xmlns="http://www.loc.gov/MARC21/slim" xmlns:cinclude="http://apache.org/cocoon/include/1.0" xmlns:zs="http://www.loc.gov/zing/srw/">
  <leader>00540cz  a2200169n  4500</leader>
  <controlfield tag="001">no 98123995 </controlfield>
  <controlfield tag="003">DLC</controlfield>
  <controlfield tag="005">20130312100331.0</controlfield>
  <controlfield tag="008">981116n| azannaab           |a aaa     c</controlfield>
  <datafield tag="010" ind1=" " ind2=" ">
    <subfield code="a">no 98123995 </subfield>
  </datafield>
  <datafield tag="035" ind1=" " ind2=" ">
    <subfield code="a">(OCoLC)oca04862112</subfield>
  </datafield>
  <datafield tag="040" ind1=" " ind2=" ">
    <subfield code="a">TxDa</subfield>
    <subfield code="b">eng</subfield>
    <subfield code="e">rda</subfield>
    <subfield code="c">TxDa</subfield>
    <subfield code="d">DLC</subfield>
  </datafield>
  <datafield tag="100" ind1="1" ind2=" ">
    <subfield code="a">Sandford, John,</subfield>
    <subfield code="d">1944 February 23-</subfield>
    <subfield code="t">Silent prey.</subfield>
    <subfield code="l">Spanish</subfield>
  </datafield>
  <datafield tag="377" ind1=" " ind2=" ">
    <subfield code="a">spa</subfield>
  </datafield>
  <datafield tag="400" ind1="1" ind2=" ">
    <subfield code="w">nnea</subfield>
    <subfield code="a">Sandford, John,</subfield>
    <subfield code="d">1944 Feb. 23-</subfield>
    <subfield code="t">Silent prey.</subfield>
    <subfield code="l">Spanish</subfield>
  </datafield>
  <datafield tag="400" ind1="1" ind2=" ">
    <subfield code="a">Sandford, John,</subfield>
    <subfield code="d">1944 February 23-</subfield>
    <subfield code="t">Vi휍혖ctima callada</subfield>
  </datafield>
  <datafield tag="670" ind1=" " ind2=" ">
    <subfield code="a">La vi휍혖ctima callada, c1993.</subfield>
  </datafield>
</record>